<?xml version="1.0" encoding="UTF-8"?><collection xmlns="http://www.loc.gov/MARC21/slim"><record><leader>00423nam--2200145-i-4500</leader><controlfield tag="001">000002035</controlfield><controlfield tag="002">20161230</controlfield><controlfield tag="005">20161230201024</controlfield><controlfield tag="008">060222s1000------------r-----000-0-eng-d</controlfield><datafield ind1=" " ind2=" " tag="080"><subfield code="a">621.791.7/8</subfield></datafield><datafield ind1=" " ind2=" " tag="100"><subfield code="a">Glizmanenco, D.L</subfield></datafield><datafield ind1=" " ind2=" " tag="245"><subfield code="a">Sudarea si taierea metalelor.manual pentru scoli profesionale.traducere din lb.rusa</subfield></datafield><datafield ind1=" " ind2=" " tag="260"><subfield code="a">Bucuresti, Editura Tehnica, 1952. 180 P</subfield></datafield><datafield ind1=" " ind2=" " tag="490"><subfield code="a">Rezervele De Munca</subfield></datafield><datafield ind1=" " ind2=" " tag="852"><subfield code="a">26399</subfield></datafield></record></collection>